@article{shadden2005definition,
  title={{Definition and properties of Lagrangian coherent structures from finite-time Lyapunov exponents in two-dimensional aperiodic flows}},
  author={Shadden, Shawn C and Lekien, Francois and Marsden, Jerrold E},
  journal={Physica D: Nonlinear Phenomena},
  volume={212},
  number={3},
  pages={271--304},
  year={2005},
  publisher={Elsevier}
}

@article{onu2015lcs,
  title={{LCS Tool: A computational platform for Lagrangian coherent structures}},
  author={Onu, K and Huhn, Florian and Haller, George},
  journal={Journal of Computational Science},
  volume={7},
  pages={26--36},
  year={2015},
  publisher={Elsevier}
}
